
@book{clayberg_eclipse_2009,
	address = {Upper Saddle River, {NJ}},
	edition = {3rd ed},
	series = {The eclipse series},
	title = {Eclipse plug-ins},
	isbn = {0321553462},
	publisher = {Addison-Wesley},
	author = {Clayberg, Eric},
	collaborator = {Rubel, Dan and Clayberg, Eric},
	year = {2009},
	keywords = {Computer software, Development, Eclipse (Electronic resource), Java (Computer program language)}
}

@book{vandevoorde_c++_2003,
	address = {Boston},
	title = {C++ templates: the complete guide},
	isbn = {0201734842  9780201734843},
	shorttitle = {C++ templates},
	language = {English},
	publisher = {Addison-Wesley},
	author = {Vandevoorde, David. and Josuttis, Nicolai M.},
	year = {2003}
}

@techreport{isocpp_standard_draft_14,
	title = {Standard for Programming Language C++},
	urldate = {2014-12-18},
	author = {ISOCPP},
	month = oct,
	year = {2013},
}

@misc{cdt_parsing_wiki,
	title = {{CDT} Wiki---Overview of Parsing},
	url = {https://wiki.eclipse.org/CDT/designs/Overview_of_Parsing},
	language = {English},
	urldate = {2014-12-18},
	month = may,
	year = {2011}
}

@misc{swt_snippets,
	title = {{SWT} Snippets},
	url = {https://www.eclipse.org/swt/snippets/},
	urldate = {2014-12-18}
}

@misc{ifs_cdttesting_2014,
	title = {{CDTTesting} Git repository},
	url = {http://cevelop.com/cdt-test-plugins/development/},
	urldate = {2014-12-18},
	author = {HSR IFS},
	month = oct,
	year = {2014}
}


@misc{schorn_using_cdt_2009,
    title = {Using {CDT} {APIs} to programmatically introspect C/C++ code},
    url = {https://wiki.eclipse.org/images/c/c7/CDT_APIs_for_code_introspection.pdf},
    language = {English},
    urldate = {2014-12-19},
    author = {Schorn, Markus},
    year = {2009}
}